<?xml version="1.0" encoding="UTF-8"?><collection xmlns="http://www.loc.gov/MARC21/slim"><record><leader>00496nam--2200193-i-4500</leader><controlfield tag="001">000044804</controlfield><controlfield tag="002">20161230</controlfield><controlfield tag="005">20161230201044</controlfield><controlfield tag="008">060222s1000------------r-----000-0-rus-d</controlfield><datafield ind1=" " ind2=" " tag="040"><subfield code="a">IFIN-HH</subfield></datafield><datafield ind1=" " ind2=" " tag="041"><subfield code="a">rus</subfield></datafield><datafield ind1=" " ind2=" " tag="080"><subfield code="a">539.171.3</subfield></datafield><datafield ind1="1" ind2=" " tag="100"><subfield code="a">Kaipov, D. K</subfield></datafield><datafield ind1="1" ind2="0" tag="245"><subfield code="a">Iadernih gamma-rezonans i atomnie stolknovennia</subfield><subfield code="c">D.k. kaipov, yu.g. kosiak</subfield></datafield><datafield ind1=" " ind2=" " tag="260"><subfield code="a">Alma-ata</subfield><subfield code="b">Nauka</subfield><subfield code="c">1973</subfield></datafield><datafield ind1=" " ind2=" " tag="300"><subfield code="a">186P</subfield></datafield><datafield ind1="1" ind2=" " tag="700"><subfield code="a">Kosiak, Yu. G</subfield></datafield><datafield ind1=" " ind2=" " tag="852"><subfield code="a">40884</subfield><subfield code="c">539.17</subfield></datafield><datafield ind1=" " ind2=" " tag="CAT"><subfield code="a">Sys</subfield><subfield code="c">20120611</subfield><subfield code="h">172747</subfield></datafield></record></collection>